@article{blandin2022efficient,
  title={Efficient 3D acoustic simulation of the vocal tract by combining the multimodal method and finite elements},
  author={Blandin, R and Arnela, M and F{\'e}lix, S and Doc, JB and Birkholz, P},
  journal={IEEE Access},
  pages={69922 - 69938},
  year={2022},
  doi={10.1109/ACCESS.2022.3187424},
  publisher={IEEE}
}

@article{birkholz2013modeling,
	title={Modeling consonant-vowel coarticulation for articulatory speech synthesis},
	author={Birkholz, P},
	journal={PloS one},
	volume={8},
	number={4},
	pages={e60603},
	year={2013},
	doi={10.1371/journal.pone.0060603},
	publisher={Public Library of Science San Francisco, USA}
}

@article{sondhi1987hybrid,
	title={A hybrid time-frequency domain articulatory speech synthesizer},
	author={Sondhi, M and Schroeter, J},
	journal={IEEE Trans. Audio Speech Lang. Process.},
	volume={35},
	number={7},
	pages={955--967},
	year={1987},
	doi={10.1109/TASSP.1987.1165240},
	publisher={IEEE}
}